@article{SHOEMAKE,
 author = {Ken Shoemake},
 title = {Animating rotation with quaternion curves},
 journal = {SIGGRAPH Comput. Graph.},
 volume = {19},
 number = {3},
 year = {1985},
 issn = {0097-8930},
 pages = {245--254},
 doi = {http://doi.acm.org/10.1145/325165.325242},
 publisher = {ACM},
 address = {New York, NY, USA},
 }
